@article{jackson2014networks,
  title={Networks in the understanding of economic behaviors},
  author={Jackson, Matthew O},
  journal={Journal of Economic Perspectives},
  volume={28},
  number={4},
  pages={3--22},
  year={2014},
  publisher={American Economic Association 2014 Broadway, Suite 305, Nashville, TN 37203-2418}
}

@article{bloch2008informal,
  title={Informal insurance in social networks},
  author={Bloch, Francis and Genicot, Garance and Ray, Debraj},
  journal={Journal of Economic Theory},
  volume={143},
  number={1},
  pages={36--58},
  year={2008},
  publisher={Elsevier}
}

@article{freitag2011social,
  title={Social capital and unemployment: A macro-quantitative analysis of the European regions},
  author={Freitag, Markus and Kirchner, Antje},
  journal={Political studies},
  volume={59},
  number={2},
  pages={389--410},
  year={2011},
  publisher={SAGE Publications Sage UK: London, England}
}

@article{chetty2022social1,
  title={Social capital I: measurement and associations with economic mobility},
  author={Chetty, Raj and Jackson, Matthew O and Kuchler, Theresa and Stroebel, Johannes and Hendren, Nathaniel and Fluegge, Robert B and Gong, Sara and Gonzalez, Federico and Grondin, Armelle and Jacob, Matthew and others},
  journal={Nature},
  volume={608},
  number={7921},
  pages={108--121},
  year={2022},
  publisher={Nature Publishing Group UK London}
}

@article{chetty2022social2,
  title={Social capital II: determinants of economic connectedness},
  author={Chetty, Raj and Jackson, Matthew O and Kuchler, Theresa and Stroebel, Johannes and Hendren, Nathaniel and Fluegge, Robert B and Gong, Sara and Gonzalez, Federico and Grondin, Armelle and Jacob, Matthew and others},
  journal={Nature},
  volume={608},
  number={7921},
  pages={122--134},
  year={2022},
  publisher={Nature Publishing Group UK London}
}

@article{auray2020eligibility,
  title={Eligibility, experience rating, and unemployment insurance take-up},
  author={Auray, St{\'e}phane and Fuller, David L},
  journal={Quantitative Economics},
  volume={11},
  number={3},
  pages={1059--1107},
  year={2020},
  publisher={Wiley Online Library}
}

@article{hallsten2017social,
  title={Social capital, friendship networks, and youth unemployment},
  author={H{\"a}llsten, Martin and Edling, Christofer and Rydgren, Jens},
  journal={Social Science Research},
  volume={61},
  pages={234--250},
  year={2017},
  publisher={Elsevier}
}